@inbook{RMF_Mark_Book_Jastram_2013,
  title      = {{Managing Requirements Knowledge}},
  chapter    = {{16: The Eclipse Requirements Modeling Framework}},
  author     = {Michael Jastram},
  editor     = {Maalej, Walid and Thurimella, Anil},
  publisher  = {Springer},
  year       = {2013},
  month      = {March},
  pages      = { 353-372},
  note       = {\url{http://www.stups.uni-duesseldorf.de/w/Special:Publication/RMF_Mark_Book_Jastram_2013}}
}

@inproceedings{jastram_forms_2012,
  title      = {{A Systems Engineering Tool Chain Based on Eclipse and Rodin}},
  booktitle  = {{Forms/Format}},
  author     = {Michael Jastram},
  month      = {},
  year       = {2012},
  note       = {\url{http://www.stups.uni-duesseldorf.de/w/Special:Publication/jastram_forms_2012}}
}

@article{reqif_ObjektSpektrum_2013,
  title      = {{ReqIF-OLUTION: Mit Eclipse und ReqIF zur Open-Source ALM-Werkzeugkette}},
  journal    = {ObjektSpektrum},
  volume     = {3},
  year       = {2013},
  author     = {Michael Jastram},
  note       = {Please contact author for a PDF copy}
}

@misc{RMF,
  title      = {{Eclipse Requirements Modeling Framework}},
  howpublished = {\url{http://eclipse.org/rmf}}
}

@misc{omg_requirements_2011,
	title = {{Requirements Interchange Format {(ReqIF)} 1.0.1}},
	howpublished = {\url{http://www.omg.org/spec/ReqIF/}},
	author = {{OMG}},
	year = {2011}
}

@book{emf,
	edition = {second},
	title = {{EMF Eclipse Modeling Framework}},
	isbn = {9780321331885},
	publisher = {{Addison-Wesley} },
	author = {D. Steinberg and F. Budinsky and M. Peternostro and E. Merks},
	year = {2009}
}

@misc{prostep_if,
	title = {{ProSTEP ReqIF Implementor Forum}},
	howpublished = {\url{http://www.prostep.org/en/projects/internationalization-of-the-requirements-interchange-format-intrif.html}},
	year = {2013}
}

@misc{event_b_benchmark,
	title = {{openETCS Event-B Benchmark}},
	howpublished = {\url{https://github.com/openETCS/model-evaluation/blob/master/model/Event_B_Systerel/rodin-projects-github.pdf?raw=true}},
	author = {{Matthias GÃ¼demann}},
	year = {2013}
}

@article{topcase-JaGr2011,
  author     = {Michael Jastram and Andreas Graf},
  title      = {Requirement Traceability in {Topcased} with the Requirements
    Interchange Format ({RIF}/{ReqIF})},
  journal    = {First Topcased Days Toulouse},
  year       = {2011},
  note       = {\url{http://www.stups.uni-duesseldorf.de/w/Special:Publication/topcase-JaGr2011}}
}

@Misc{essentials_diff,
  title={{Comparing ReqIF Files with ProR Essentials Diff}},
  howpublished={\url{http://www.formalmind.com/de/blog/comparing-reqif-files-pror-essentials-diff}},
  author = {{Michael Jastram}},
  year = {{2013}}
}

@TechReport{D2.6-9,
	title = {{D2.6-9: Requirements for openETCS}},
	author = {Sylvain Baro and Jan Welte},
	institution = {openETCS},
	note = {{\url{https://github.com/openETCS/requirements/blob/master/D2.6-9/D2_6-9.pdf?raw=true}}}
}
@Misc{subset026-6,
  title={{Model Evalution Wiki: Secondary Tools for Data, Function and Requirements Management}},
  howpublished={\url{https://github.com/openETCS/model-evaluation/wiki/Secondary-tools-for-data,-function-and-requirement-management}}
}
@Misc{integrate-models,
  title={{Using RMF to integrate your models}},
  author={Michael Jastram},
  howpublished={\url{http://www.formalmind.com/en/blog/using-rmf-integrate-your-models}}
}

